@MISC{mic-ml-comparison,
  title        = "Ausw{\"a}hlen eines Algorithmus f{\"u}r maschinelles Lernen -
                  Azure Machine Learning",
  booktitle    = "Microsoft.com",
  howpublished = "\url{https://learn.microsoft.com/de-de/azure/machine-learning/how-to-select-algorithms}",
  note         = "Accessed: 2023-1-18",
  language     = "de"
}
