@MISC{test,
  title        = "Ausw{\"a}hlen eines Algorithmus f{\"u}r maschinelles Lernen -
                  Azure Machine Learning",
  booktitle    = "Microsoft.com",
  howpublished = "\url{https://learn.microsoft.com/de-de/azure/machine-learning/how-to-select-algorithms}",
  note         = "Accessed: 2023-1-18",
  language     = "de"
}

@MISC{IFC4_doc,
  title        = "{IFC4} documentation",
  booktitle    = "Buildingsmart.org",
  author       = "{buildingSMART International Ltd.}",
  month        =  mar,
  year         =  2017,
  howpublished = "http://standards.buildingsmart.org/IFC/RELEASE/IFC4_1/FINAL/HTML",
  note         = "Accessed: 2023-1-31",
  language     = "en"
}

@MISC{IFC2x3-doc,
  title        = "Start page of {IFC2x3} final documentation",
  booktitle    = "Buildingsmart.org",
  author       = "Thomas, Liebich and Yoshinobu, Adachi and James, Forester and
                  Juha, Hyvarinen and Kari, Karstila and Kent, Reed and Stefan,
                  Richter and {buildingSMART International Ltd.}",
  year         =  2007,
  howpublished = "\url{http://standards.buildingsmart.org/IFC/RELEASE/IFC2x3/TC1/HTML/}",
  note         = "Accessed: 2023-1-31",
  language     = "en"
}

@ARTICLE{Laakso2012-oi,
  title    = "The {IFC} standard: A review of History, development, and
              standardization, Information Technology",
  author   = "Laakso, M and Kiviniemi, A O",
  journal  = "J. Inf. Technol. Constr.",
  volume   =  17,
  number   =  9,
  pages    = "134--161",
  year     =  2012,
  language = "en"
}
